<?xml version="1.0" encoding="UTF-8"?><collection xmlns="http://www.loc.gov/MARC21/slim"><record><leader>00356nam--2200121-i-4500</leader><controlfield tag="001">000042598</controlfield><controlfield tag="002">20161230</controlfield><controlfield tag="005">20161230201043</controlfield><controlfield tag="008">060222s1000------------r-----000-0-eng-d</controlfield><datafield ind1=" " ind2=" " tag="100"><subfield code="a">Stajano,Attilio</subfield></datafield><datafield ind1=" " ind2=" " tag="245"><subfield code="a">Energy dependence of pion asymmetry in antiproton-proton annihilation</subfield></datafield><datafield ind1=" " ind2=" " tag="260"><subfield code="a">Roma, Inst.Naz.Di Fisica Nucl. 14 P.+ V Tab.+6 Fig</subfield></datafield><datafield ind1=" " ind2=" " tag="852"><subfield code="a">16880</subfield></datafield></record></collection>